<?xml version="1.0" encoding="UTF-8"?><collection xmlns="http://www.loc.gov/MARC21/slim"><record><leader>00518nam--2200181-i-4500</leader><controlfield tag="001">000034313</controlfield><controlfield tag="002">20161230</controlfield><controlfield tag="005">20161230201040</controlfield><controlfield tag="008">060222s1000------------r-----000-0-fre-d</controlfield><datafield ind1=" " ind2=" " tag="040"><subfield code="a">IFIN-HH</subfield></datafield><datafield ind1=" " ind2=" " tag="041"><subfield code="a">fre</subfield></datafield><datafield ind1=" " ind2=" " tag="080"><subfield code="a">53.084:538.945(043)</subfield></datafield><datafield ind1="1" ind2=" " tag="100"><subfield code="a">Ng Tong, Yong</subfield></datafield><datafield ind1="1" ind2="0" tag="245"><subfield code="a">Etude et realisation d`un femtovolmetre a hacheur supraconducteur</subfield><subfield code="b">These</subfield><subfield code="c">Yong ng tong</subfield></datafield><datafield ind1=" " ind2=" " tag="260"><subfield code="a">Grenoble</subfield><subfield code="b">Universite Scientifique Et Medicale</subfield><subfield code="c">1980</subfield></datafield><datafield ind1=" " ind2=" " tag="300"><subfield code="a">128P</subfield></datafield><datafield ind1=" " ind2=" " tag="852"><subfield code="a">71099</subfield><subfield code="c">53.08</subfield></datafield><datafield ind1=" " ind2=" " tag="CAT"><subfield code="a">Sys</subfield><subfield code="c">20151029</subfield><subfield code="h">123805</subfield></datafield></record></collection>